% Encoding: UTF-8

@Article{Corral2012,
  author       = {Luis Corral and Andrea Janes and Tadas Remencius},
  title        = {Potential advantages and disadvantages of multiplatform development frameworks â€“ A vision on mobile environments},
  journal      = {Procedia Computer Science},
  journaltitle = {Procedia Computer Science 10},
  year         = {2012},
  url          = {https://core.ac.uk/download/pdf/82038165.pdf},
}

@Conference{Xanthopoulos2013,
  author = {Spyros Xanthopoulos and Stelios Xinogalos},
  title  = {A Comparative Analysis of Cross-platform Development Approaches for Mobile Applications},
  year   = {2013},
  url    = {https://www.researchgate.net/publication/258010031_A_Comparative_Analysis_of_Cross-platform_Development_Approaches_for_Mobile_Applications},
}

@Comment{jabref-meta: databaseType:biblatex;}
