% Encoding: UTF-8

@Article{Corral2012,
  author       = {Luis Corral and Andrea Janes and Tadas Remencius},
  title        = {Potential advantages and disadvantages of multiplatform development frameworks â€“ A vision on mobile environments},
  journal      = {Procedia Computer Science},
  journaltitle = {Procedia Computer Science 10},
  year         = {2012},
  url          = {https://core.ac.uk/download/pdf/82038165.pdf},
}

@Conference{Xanthopoulos2013,
  author = {Spyros Xanthopoulos and Stelios Xinogalos},
  title  = {A Comparative Analysis of Cross-platform Development Approaches for Mobile Applications},
  year   = {2013},
  url    = {https://www.researchgate.net/publication/258010031_A_Comparative_Analysis_of_Cross-platform_Development_Approaches_for_Mobile_Applications},
}

@Article{El-Kassas2014,
  author       = {Wafaa S. El-Kassas and Bassem A. Abdullah and Ahmed H. Yousef and Ayman M.Wahba},
  title        = {Taxonomy of Cross-Platform Mobile Applications Development Approaches},
  journal      = {Ain Shams Engineering Journal},
  journaltitle = {Volume 8},
  year         = {2014},
  date         = {2009-13},
  url          = {https://www.sciencedirect.com/science/article/pii/S2090447915001276},
}

@Conference{Dalmasso2013,
  author = {Isabelle Dalmasso and Soumya Kanti Datta and Christian Bonnet and Navid Nikaein},
  date   = {2013},
  title  = {Survey, Comparison and Evaluation of CrossPlatform Mobile Application Development Tools},
  doi    = {10.1109/IWCMC.2013.6583580},
  url    = {https://www.researchgate.net/figure/General-architecture-of-cross-platform-mobile-application-development_fig1_261378649},
}

@DataSet{Liu2020,
  author = {Shanhong Liu},
  editor = {JetBrains},
  date   = {2020-07-02},
  title  = {Cross-platform mobile frameworks used by software developers worldwide in 2019 and 2020},
  url    = {https://www.statista.com/statistics/869224},
}

@Online{Facebook2020,
  author = {Facebook},
  date   = {2020},
  title  = {React Native},
  url    = {https://reactnative.dev/},
}

@Book{Eisenman2015,
  author = {Bonnie Eisenman},
  date   = {2015-12-03},
  title  = {Learning React Native: Building Native Mobile Apps with JavaScript},
  url    = {https://books.google.be/books?id=274fCwAAQBAJ},
}

@Online{Google2020,
  author = {Google},
  date   = {2020},
  title  = {Flutter},
  url    = {https://flutter.dev/},
}

@Comment{jabref-meta: databaseType:biblatex;}
